<?xml version="1.0" encoding="UTF-8"?><collection xmlns="http://www.loc.gov/MARC21/slim"><record><leader>00380nam--2200157-i-4500</leader><controlfield tag="001">000019003</controlfield><controlfield tag="002">20161230</controlfield><controlfield tag="005">20170122213727</controlfield><controlfield tag="008">060222s1000------------r-----000-0-eng-d</controlfield><datafield ind1=" " ind2=" " tag="080"><subfield code="a">541.13</subfield></datafield><datafield ind1=" " ind2=" " tag="100"><subfield code="a">Eisenman, George</subfield></datafield><datafield ind1=" " ind2=" " tag="245"><subfield code="a">The glass electrode</subfield></datafield><datafield ind1=" " ind2=" " tag="260"><subfield code="a">New York</subfield><subfield code="b">Interscience Publishers</subfield><subfield code="c">1965</subfield></datafield><datafield ind1=" " ind2=" " tag="300"><subfield code="a">/P.Dif</subfield></datafield><datafield ind1=" " ind2=" " tag="852"><subfield code="a">27352</subfield></datafield><datafield ind1=" " ind2=" " tag="CAT"><subfield code="a">SYS</subfield><subfield code="c">20170122</subfield><subfield code="h">213727</subfield></datafield></record></collection>